<collection xmlns="http://www.loc.gov/MARC21/slim">
<record>
  <leader>01463nam0a2200301 i 450 </leader>
  <controlfield tag="001">IT\ICCU\CNCE\063487</controlfield>
  <controlfield tag="005">20190201000000.0</controlfield>
  <datafield tag="012" ind1=" " ind2=" ">
    <subfield code="a">a:fu uil- taea a.io (C) 1516 (R)</subfield>
    <subfield code="2">fei</subfield>
  </datafield>
  <datafield tag="100" ind1=" " ind2=" ">
    <subfield code="a">20060102d1516        0itac0103    ba</subfield>
  </datafield>
  <datafield tag="101" ind1=" " ind2=" ">
    <subfield code="a">ITA</subfield>
  </datafield>
  <datafield tag="102" ind1=" " ind2=" ">
    <subfield code="a">IT</subfield>
  </datafield>
  <datafield tag="200" ind1="1" ind2=" ">
    <subfield code="a">Lettera di Andrea Corsali allo illustrissimo signore duca Iuliano de Medici. Venuta dellindia \!! nel mese di octobre nel MDXVI</subfield>
  </datafield>
  <datafield tag="210" ind1=" " ind2=" ">
    <subfield code="e">Stampato in Firenze</subfield>
    <subfield code="g">per Io. Stephano di Carlo da Pauia</subfield>
    <subfield code="h">adi XI di dicembre 1516</subfield>
  </datafield>
  <datafield tag="215" ind1=" " ind2=" ">
    <subfield code="a">\6! c.</subfield>
    <subfield code="d">4ʻ</subfield>
  </datafield>
  <datafield tag="620" ind1=" " ind2=" ">
    <subfield code="a">IT</subfield>
    <subfield code="d">Firenze</subfield>
  </datafield>
  <datafield tag="700" ind1=" " ind2="1">
    <subfield code="a">Corsali,</subfield>
    <subfield code="b">Andrea</subfield>
    <subfield code="3">IT\ICCU\CNCA\026055</subfield>
  </datafield>
  <datafield tag="712" ind1="0" ind2="2">
    <subfield code="a">Giovanni Stefano di Carlo</subfield>
    <subfield code="3">IT\ICCU\CNCT\000207</subfield>
    <subfield code="4">650</subfield>
  </datafield>
  <datafield tag="790" ind1=" " ind2="1">
    <subfield code="a">Corsalius,</subfield>
    <subfield code="b">Andreas</subfield>
    <subfield code="3">IT\ICCU\CNCA\028063</subfield>
    <subfield code="z">Corsali, Andrea</subfield>
  </datafield>
  <datafield tag="791" ind1="0" ind2="2">
    <subfield code="a">Ioannes Stephanus Papiensis</subfield>
    <subfield code="3">IT\ICCU\CNCT\002820</subfield>
    <subfield code="z">Giovanni Stefano di Carlo</subfield>
  </datafield>
  <datafield tag="791" ind1="0" ind2="0">
    <subfield code="a">Carlo, Giovanni Stefano di</subfield>
    <subfield code="3">IT\ICCU\CNCT\002821</subfield>
    <subfield code="z">Giovanni Stefano di Carlo</subfield>
  </datafield>
  <datafield tag="791" ind1="0" ind2="0">
    <subfield code="a">Torriani, Giovanni Stefano di Carlo</subfield>
    <subfield code="3">IT\ICCU\CNCT\003877</subfield>
    <subfield code="z">Giovanni Stefano di Carlo</subfield>
  </datafield>
  <datafield tag="791" ind1="0" ind2="2">
    <subfield code="a">Gianstephano di Carlo</subfield>
    <subfield code="3">IT\ICCU\CNCT\005927</subfield>
    <subfield code="z">Giovanni Stefano di Carlo</subfield>
  </datafield>
  <datafield tag="801" ind1=" " ind2="3">
    <subfield code="a">IT</subfield>
    <subfield code="b">ICCU</subfield>
    <subfield code="c">20201115</subfield>
  </datafield>
  <datafield tag="899" ind1=" " ind2=" ">
    <subfield code="a">Biblioteca estera - State Library New South Wales. Sydney</subfield>
    <subfield code="1">AA0023</subfield>
  </datafield>
  <datafield tag="899" ind1=" " ind2=" ">
    <subfield code="a">Biblioteca Palatina. Parma</subfield>
    <subfield code="1">PR0072</subfield>
    <subfield code="2">PAR PA</subfield>
  </datafield>
  <datafield tag="899" ind1=" " ind2=" ">
    <subfield code="a">British Library. London</subfield>
    <subfield code="1">UK0001</subfield>
  </datafield>
  <datafield tag="911" ind1=" " ind2=" ">
    <subfield code="a">Nel coloph.</subfield>
    <subfield code="9">IT\ICCU\CNCM\002515</subfield>
  </datafield>
  <datafield tag="921" ind1=" " ind2=" ">
    <subfield code="a">IT\ICCU\CNCM\002515</subfield>
    <subfield code="b">Iniziali I.S.P.A. In cornice.</subfield>
    <subfield code="c">U1033</subfield>
    <subfield code="f">INIZIALI</subfield>
    <subfield code="f">ISPA</subfield>
    <subfield code="g">1516</subfield>
  </datafield>
</record>
</collection>
